
@MISC{Newton2006,
    author = {Jim Wisniewski},
    title = {Animated version of the {N}ewton shell theorem},
    year = {2006},
    month = {October},
    howpublished = {\url{http://upload.wikimedia.org/wikipedia/commons/6/6f/Shell-diag-1-anim.gif}},
}



@BOOK{AlonsoFin1986,
	author = {Marcelo Alonso, Edward J. Finn},
	title = {Fisica},
	year = {1986},
	publisher = {Addison-Wesley Iberoamericana},
	edition = {primera},
	place = {M\'exico},
	isbn = {968-6630-01-5},
    pages = {435},
    url={http://www.amazon.co.uk/Physics-Prof-Marcelo-Alonso/dp/0201565188},
    
}


@MISC{Golwala2007,
    author = {Sunil Golwala},
    title = {Lecture Notes on Classical Mechanics for Physics)},
    year = {2007},
    howpublished = {\url{http://www.astro.caltech.edu/~golwala/ph106ab/ph106ab_notes.pdf}},
}


@MISC{Joule1869,
    author = {James P. Joule},
    title = {Joule's Apparatus (Harper's Scan)},
    year = {1869},
    month = {August},
    volume = {231},
    publisher = {Harper's New Monthly Magazine},
    howpublished = {\url{http://commons.wikimedia.org/wiki/File:Joule%27s_Apparatus_(Harper%27s_Scan).png#/media/File:Joule%27s_Apparatus_(Harper%27s_Scan).png}},
}


@article{Joule1850,
	author = {James P. Joule}, 
	title = {On the Mechanical Equivalent of Heat},
	journal = {Phil. Trans. R. Soc. Lond.},
	year = {1850},
	volume = {140},
	pages = {61-82},
	abstract = {},
	keywords = {},
	url={https://archive.org/details/philtrans00608634},
}


@article{Count1804,
	author = {Benjamin Count}, 
	title = {An Enquiry concerning the Nature of Heat, and the Mode of Its Communication},
	journal = {Phil. Trans. R. Soc. Lond.},
	year = {1804},
	volume = {94},
	pages = {77-182},
	abstract = {},
	keywords = {},
	url={http://rstl.royalsocietypublishing.org/content/94/77.full.pdf+html},
}


@BOOK{Cajori1899,
	author = {Florian Cajori},
	title = {A history of physics in its elementary branches, including the evolution of physical laboratories},
	year = {1899},
	publisher = {New York, The Macmillan Company},
	edition = {First},
	place = {New York},
	isbn = {},
    url={https://archive.org/stream/historyofphysics00cajo},
    
}



@MISC{NewtonBentleyLetter1693,
    author = {Isaac Newton},
    title = {Original letter from Isaac Newton to Richard Bentley},
    year = {1693},
    month = {},
    howpublished = {\url{http://www.newtonproject.sussex.ac.uk/view/texts/normalized/THEM00258}},
}



@MISC{GalileoTwoNewSciences,
    author = {Galileo Galilei},
    title = {Discourses and Mathematical Demonstrations Relating to Two New Sciences},
    year = {1638},
    month = {},
    howpublished = {\url{http://galileoandeinstein.physics.virginia.edu/tns_draft/index.html}},
}

@MISC{Kepler-second-law-gif,
    author = {Antonio Gonz\'alez Fern\'andez},
    title = {Kepler-second-law gif},
    year = {2010},
    month = {Octubre},
    howpublished = {\url{http://upload.wikimedia.org/wikipedia/commons/6/69/Kepler-second-law.gif}},
}




@article{beckman2006,
author = {Brian Beckman}, 
title = {Feynman Says: {N}ewton implies {K}epler, No Calculus Needed!},
journal = {The Journal of Symbolic Geometry},
year = {2006},
volume = {1},
pages = {57-72},
abstract = {},
keywords = {},
}



@article{ANU:7701776,
author = {Wanner,G.},
title = {Kepler, {N}ewton and numerical analysis},
journal = {Acta Numerica},
volume = {19},
month = {5},
year = {2010},
issn = {1474-0508},
pages = {561--598},
numpages = {38},
doi = {10.1017/S0962492910000073},
URL = {http://journals.cambridge.org/article_S0962492910000073},
}

@BOOK{Goodstein1996,
	author = {David L. Goodstein and Judith R. Goodstein},
	title = {Feynman's Lost Lecture. The Motion of Planets Around de Sun},
	year = {1996},
	publisher = {W.W. Norton Company},
	edition = {First},
	place = {New York},
	isbn = {0-393-31995-4},
    url = {https://books.google.es/books?id=Un9GBAAAQBAJ&dq=Feynman's+Lost+Lecture.+The+Motion+of+Planets+Around+de+Sun}
    
}

@BOOK{Einstein1938,
	author = {Albert Einstein and Leopold Infield},
	title = {The evolution of physics},
	year = {1938},
	publisher = {Cambridge University Press},
	edition = {Second},
	place = {Cambridge},
    url = {http://books.google.es/books?id=rSg4AAAAIAAJ&dq=The+evolution+of+physics},
	
}

@incollection{tagkey1976iv,
title = "Course of Theoretical Physics ",
editor = "Levy D. Landau and Evgeny M. Lifshitz",
booktitle = "Mechanics",
publisher = "Butterworth-Heinemann",
edition = "Third Edition",
address = "Oxford",
year = "1976",
pages = "",
isbn = "978-0-7506-2896-9",
doi = "http://dx.doi.org/10.1016/B978-0-08-050347-9.50003-4",
url = "http://www.sciencedirect.com/science/article/pii/B9780080503479500034",

}


@BOOK{Newton1687,
	author = {Isaac Newton},
	title = {Philosophi{\ae} Naturalis Principia Mathematica},
	year = {1687},
	publisher = {B. Motte},
	edition = {1729},
	place = {London},
	isbn = {},
    url = "http://books.google.es/books?id=Tm0FAAAAQAAJ",
}




%%%%%%%%%%%%%%%%%



@BOOK{Tufte2006,
	author = {Edward R. Tufte},
	title = {Beautiful Evidence},
	year = {2006},
	publisher = {Graphics Press, {LLC}},
	month = {May},
	edition = {First},
	place = {Cheshire, Connecticut},
	isbn = {0-9613921-7-7}
}

@BOOK{Tufte2001,
	author = {Edward R. Tufte},
	title = {The Visual Display of Quantitative Information},
	publisher = {Graphics Press},
	year = {2001},
	address = {Cheshire, Connecticut},
	isbn = {0-9613921-4-2}
}

@BOOK{Tufte1990,
	author = {Edward R. Tufte},
	title = {Envisioning Information},
	publisher = {Graphics Press},
	year = {1990},
	address = {Cheshire, Connecticut},
	isbn = {0-9613921-1-8}
}

@BOOK{Tufte1997,
	author = {Edward R. Tufte},
	title = {Visual Explanations},
	publisher = {Graphics Press},
	year = {1997},
	address = {Cheshire, Connecticut},
	isbn = {0-9613921-2-6}
}

@BOOK{Bringhurst2005,
	author = {Robert Bringhurst},
	title = {The Elements of Typography},
	publisher = {Hartley \& Marks},
	year = {2005},
	edition = {3.1},
	isbn = {0-88179-205-5}
}

@BOOK{Mittelbach2004,
	author = {Frank Mittelbach and Michel Goossens},
	title = {The \LaTeX\ Companion},
	publisher = {Addison--Wesley},
	year = {2004},
	edition = {Second},
	isbn = {0-201-36299-6}
}

@MISC{pkg-geometry,
    author = {Hideo Umeki},
    title = {The \texttt{geometry} package},
    year = {2008},
    month = dec,
    howpublished = {\url{http://ctan.org/pkg/geometry}}
}